@Book{ieeeStd,
	author = {IEEE},
	title = {Recommended Practice for Software Requirements Specification},
	publisher = {ANSI/IEEE Std 830-1998},
	year = {1998}
}